<?xml version="1.0" encoding="UTF-8"?><collection><record><leader>07869ntm a2200673 a 4500</leader><controlfield tag="001">006805633</controlfield><controlfield tag="003">MiAaHDL</controlfield><controlfield tag="005">20190719000000.0</controlfield><controlfield tag="006">m        d        </controlfield><controlfield tag="007">cr bn ---auaua</controlfield><controlfield tag="008">090601s1491    xx            00| ||ara d</controlfield><datafield tag="035" ind1=" " ind2=" "><subfield code="a">(MiU)006805633</subfield></datafield><datafield tag="035" ind1=" " ind2=" "><subfield code="a">sdr-miu006805633</subfield></datafield><datafield tag="040" ind1=" " ind2=" "><subfield code="a">MiU</subfield><subfield code="c">MiU</subfield><subfield code="e">amremm</subfield></datafield><datafield tag="043" ind1=" " ind2=" "><subfield code="a">n-us-mi</subfield></datafield><datafield tag="100" ind1="1" ind2=" "><subfield code="6">880-01</subfield><subfield code="a">Kātī, Ḥusām al-Dīn Ḥasan,</subfield><subfield code="d">d. 1359.</subfield></datafield><datafield tag="245" ind1="1" ind2="0"><subfield code="6">880-03</subfield><subfield code="a">Sharḥ Īsāghūjī li-mawlānā Kātī maʻa ḥawāshīh al-muʻtabarah,</subfield><subfield code="f">[897, i.e. 1491].</subfield></datafield><datafield tag="260" ind1=" " ind2=" "><subfield code="c">[1491].</subfield></datafield><datafield tag="300" ind1=" " ind2=" "><subfield code="a">68 leaves :</subfield><subfield code="b">paper ;</subfield><subfield code="c">178 x 123 (116-128 x 56-64) mm.</subfield></datafield><datafield tag="500" ind1=" " ind2=" "><subfield code="a">Shelfmark: Ann Arbor, University of Michigan, Special Collections Library, Isl. Ms. 609</subfield></datafield><datafield tag="500" ind1=" " ind2=" "><subfield code="a">Origin: As appears in colophon at conclusion of final gloss, transcription completed ("wa-qad waqaʻa al-farāgh min taḥrīr hādhihi al-nuskhah...") end of Muḥarram 897 [December 1491], which would imply quite an early copy. Other sections appear to be contemporary with this final gloss.</subfield></datafield><datafield tag="500" ind1=" " ind2=" "><subfield code="a">Accompanying materials: Acquisitions slip from Yahuda.</subfield></datafield><datafield tag="500" ind1=" " ind2=" "><subfield code="a">Former shelfmark: From front flyleaf (p.1) and spine label "IL 183" (likely supplied by Yahuda, see acquisitions slip).</subfield></datafield><datafield tag="500" ind1=" " ind2=" "><subfield code="a">Binding: Pasteboards covered in marbled paper (mainly in light blue, salmon, light yellow) with black textile over spine (quarter binding) ; Type III binding (without flap) ; pastedowns and flyleaves in purple wove paper ; resewn in white thread, six stations ; overall in fair condition with some abrasion, deterioration of textile, etc.</subfield></datafield><datafield tag="500" ind1=" " ind2=" "><subfield code="a">Support: non-European laid paper of perhaps several types ; opening type with 9 laid lines per cm. (vertical) and chain lines (horizontal) grouped in threes with 10-11 mm. between chains and 39 mm. between groups, possible group of four at 27 mm. from adjacent group of three ; another type with 7 laid lines per cm. (vertical, quite distinct) and chain lines (horizontal) grouped in threes (and perhaps fours) with 10 mm. between chains and 28-40 mm. between groups (see p.80, 94, etc.) ; at close, a type very similar to the opening if not the same with 8 laid lines per cm. (vertical) and chain lines (horizontal) grouped in threes (and perhaps fours) with 9-10 mm. between chains and 39-42 mm. between groups ; all thin and transluscent though sturdy, well-burnished.</subfield></datafield><datafield tag="500" ind1=" " ind2=" "><subfield code="a">Decoration: Keywords and abbreviation symbols rubricated ; written area and occasional marginalia surrounded by red rule-border in opening three works ; textual dividers in the form of red discs.</subfield></datafield><datafield tag="500" ind1=" " ind2=" "><subfield code="a">Script: Naskh ; three fine Turkish or Persianate hands ; Sharḥ Īsāghūjī and opening Ḥāshiyat al-Bardaʻī (through p.76) in a fine naskh, serifless with slight effect of tilt to the left and of words descending to baseline, free assimilation of letters (initial kāf and following alif, point of final nūn with bowl, alif lām of definite article, etc.), somewhat elongated in the vertical, shaqq of kāf often sweeping dramatically upwards, pointing (of multiple dots) mainly in strokes rather than distinct dots ; second ḥāshiyah (of Qarajah Aḥmad, pp.80-114) in a compact and delicate naskh, partially but irregularly seriffed with marked tilt to the left, mainly curvilinear descenders (rightward descenders tapered and sweeping somewhat dramatically) ; final ḥāshiyah (also of al-Bardaʻī, pp.120-140) in a bold, compact naskh, serifless with effect of tilt to the left (mainly) and of words descending to baseline, some extension of horizontal strokes, freely ligatured.</subfield></datafield><datafield tag="500" ind1=" " ind2=" "><subfield code="a">Layout: Written in 15, 16 and 19 lines per page ; frame-ruled.</subfield></datafield><datafield tag="500" ind1=" " ind2=" "><subfield code="a">Collation: i, V-1 (9), 2 V(29), IV (37), 2 V(57), VI (69), i ; chiefly quinions ; catchwords present ; pagination in pencil, Western numerals, supplied during digitization (includes flyleaves).</subfield></datafield><datafield tag="500" ind1=" " ind2=" "><subfield code="a">Colophon: [Ḥāshiyah ʻalá Sharḥ Īsāghūjī] "تمت الكتاب بعون الملك الوهاب كاتبه كشفى [؟] بن عيسى ..." ; [Ḥāshiyat al-Bardaʻī] "Scribal," triangular, reads "تمت بعون الله وحسن التوفيق وصلى الله على سيدنا محمد واله اجمعين قد وقع الفراغ من تحرير هذه النسخة في اخر شهر محرم من شهور سنة سبع وتسعين وثمانمائة تم اين نبشتم تا بماند روزگار من نمانم اين بماند يادگار"</subfield></datafield><datafield tag="500" ind1=" " ind2=" "><subfield code="a">Incipit: [Sharḥ Īsāghūjī] "الحمد لله الواجب وجوده الممتنع نظيره الممكن سواه وغيره ... وبعد فان كتاب الشيخ الامام قدوة الحكماء اثير الدين الابهري ... الشهير بايساغوجي لما كان علي بعض الاخوان متعسرا ونقضه [؟ وعلى بعضهم] متيسر [متيسرا] اردت ان اكتب بالتماسهم اوراقا لتنزيل تعسره وتعمم تيسره ..."</subfield></datafield><datafield tag="500" ind1=" " ind2=" "><subfield code="a">Title from inscription on 'title page' (p.3).</subfield></datafield><datafield tag="500" ind1=" " ind2=" "><subfield code="a">Ms. composite codex.</subfield></datafield><datafield tag="505" ind1="0" ind2=" "><subfield code="a">7. p.120- p.140 : [Ḥāshiyat al-Bardaʻī] / Muḥammad ibn Muḥammad al-Bardaʻī.</subfield></datafield><datafield tag="505" ind1="0" ind2=" "><subfield code="a">6. p.115-p.119 : [originally left blank, now carry a few brief excerpts].</subfield></datafield><datafield tag="505" ind1="0" ind2=" "><subfield code="a">5. p.80-p.114 : [Ḥāshiyah ʻalá Sharḥ Īsāghūjī] / Qarajah Aḥmad.</subfield></datafield><datafield tag="505" ind1="0" ind2=" "><subfield code="a">4. p.75-p.79 : [originally left blank, now carry a few brief excerpts].</subfield></datafield><datafield tag="505" ind1="0" ind2=" "><subfield code="a">3. p.48-p.76 : [Ḥāshiyat al-Bardaʻī] / Muḥammad ibn Muḥammad al-Bardaʻī.</subfield></datafield><datafield tag="505" ind1="0" ind2=" "><subfield code="a">2. p.47: [originally left blank, now carries a few excerpts].</subfield></datafield><datafield tag="505" ind1="0" ind2=" "><subfield code="a">1. p.4-p.46 : Sharḥ Īsāghūjī / Ḥusām al-Dīn Ḥasan al-Kātī.</subfield></datafield><datafield tag="510" ind1="4" ind2=" "><subfield code="a">Ḥājjī Khalīfah. Kashf al-ẓunūn,</subfield><subfield code="c">I 502-3</subfield></datafield><datafield tag="510" ind1="4" ind2=" "><subfield code="a">Brockelmann, C. GAL,</subfield><subfield code="c">I 464 ; S I 841-2</subfield></datafield><datafield tag="520" ind1="8" ind2=" "><subfield code="a">Fine composite copy of the commentary by Ḥusām al-Dīn Ḥasan al-Kātī (d.1359) on the Īsāghūjī, a collection of definitions for terms used in logic adapted from the Isagoge of Porphyry by Athīr al-Dīn al-Abharī (d. between 1263-5), followed in the same hand by the gloss [lacking preface] upon al-Kātī's commentary by al-Bardaʻī (d.1521), next the gloss of Qarajah Aḥmad (d.1450 or 51) in a different hand, and finally in still a different hand, another apparently quite early copy of the gloss by al-Bardaʻī.</subfield></datafield><datafield tag="538" ind1=" " ind2=" "><subfield code="a">Mode of access: Internet.</subfield></datafield><datafield tag="541" ind1=" " ind2=" "><subfield code="a">Acquired in 1926 from the bookseller Isaac Benjamin S.E. Yahuda via purchase transacted on his behalf by Abraham Shalom Yahuda (1877-1951), his younger brother.</subfield></datafield><datafield tag="546" ind1=" " ind2=" "><subfield code="a">Arabic.</subfield></datafield><datafield tag="561" ind1=" " ind2=" "><subfield code="a">Stamped in purple ink on front flyleaf (p.1) "22 Juli 1906" ; numerous interlinear and marginal glosses and corrections, a few in decorative geometric shapes (see p.54).</subfield></datafield><datafield tag="600" ind1="1" ind2="0"><subfield code="a">Athīr al-Dīn al-Abharī, al-Mufaḍḍal ibn ʻUmar,</subfield><subfield code="d">-1265.</subfield><subfield code="t">Īsāghūjī.</subfield></datafield><datafield tag="650" ind1=" " ind2="0"><subfield code="a">Manuscripts, Arabic</subfield><subfield code="z">Michigan</subfield><subfield code="z">Ann Arbor.</subfield></datafield><datafield tag="650" ind1=" " ind2="0"><subfield code="a">Logic</subfield><subfield code="v">Early works to 1800.</subfield></datafield><datafield tag="700" ind1="0" ind2="2"><subfield code="6">880-06</subfield><subfield code="a">Qarajah Aḥmad,</subfield><subfield code="d">d. 1450 or 51.</subfield><subfield code="t">Ḥāshiyah ʻalá Sharḥ Īsāghūjī.</subfield></datafield><datafield tag="700" ind1="1" ind2="2"><subfield code="6">880-05</subfield><subfield code="a">Bardaʻī, Muḥammad ibn Muḥammad,</subfield><subfield code="d">d. 1520 or 21.</subfield><subfield code="t">Ḥāshiyah ʻalá Sharḥ Īsāghūjī.</subfield></datafield><datafield tag="700" ind1="0" ind2=" "><subfield code="a">Porphyry,</subfield><subfield code="d">approximately 234-approximately 305.</subfield><subfield code="t">Isagoge.</subfield></datafield><datafield tag="740" ind1="0" ind2="2"><subfield code="a">حاشية البردعي</subfield></datafield><datafield tag="773" ind1="0" ind2=" "><subfield code="a">Yahuda Collection.</subfield></datafield><datafield tag="880" ind1="0" ind2="2"><subfield code="6">700-06/</subfield><subfield code="a">قرجه احمد.</subfield><subfield code="t">حاشية على شرح ايساغوجي.</subfield></datafield><datafield tag="880" ind1="1" ind2="2"><subfield code="6">700-05/</subfield><subfield code="a">بردعي، محمد بن محمد.</subfield><subfield code="t">حاشية على شرح ايساغوجي.</subfield></datafield><datafield tag="880" ind1="1" ind2="0"><subfield code="6">245-03/</subfield><subfield code="a">شرح ايساغوجي لمولانا كاتي مع حواشيه المعتبرة,</subfield><subfield code="f">[897ه، 1491م].</subfield></datafield><datafield tag="880" ind1="1" ind2=" "><subfield code="6">100-01/</subfield><subfield code="a">كاتي, حسام الدين حسن.</subfield></datafield><datafield tag="CID" ind1=" " ind2=" "><subfield code="a">006805633</subfield></datafield><datafield tag="DAT" ind1="0" ind2=" "><subfield code="a">20190719102637.0</subfield><subfield code="b">20190719000000.0</subfield></datafield><datafield tag="DAT" ind1="1" ind2=" "><subfield code="a">20190719090653.0</subfield><subfield code="b">2019-07-19T16:11:32Z</subfield></datafield><datafield tag="DAT" ind1="2" ind2=" "><subfield code="a">2015-10-02T18:00:03Z</subfield></datafield><datafield tag="CAT" ind1=" " ind2=" "><subfield code="a">SDR-MIU</subfield><subfield code="d">EX LIBRIS - ALEPH</subfield><subfield code="l">prepare.pl-004-008</subfield></datafield><datafield tag="FMT" ind1=" " ind2=" "><subfield code="a">BK</subfield></datafield><datafield tag="HOL" ind1=" " ind2=" "><subfield code="0">sdr-miu006805633</subfield><subfield code="a">MiU</subfield><subfield code="b">SDR</subfield><subfield code="c">MIU</subfield><subfield code="p">mdp.39015079127448</subfield><subfield code="s">MIU</subfield><subfield code="1">006805633</subfield></datafield><datafield tag="974" ind1=" " ind2=" "><subfield code="b">MIU</subfield><subfield code="c">MIU</subfield><subfield code="d">20190719</subfield><subfield code="s">lit-dlps-dc</subfield><subfield code="u">mdp.39015079127448</subfield><subfield code="y">1491</subfield><subfield code="r">pd</subfield><subfield code="q">bib</subfield><subfield code="t">non-US bib date1 &lt; 1879</subfield></datafield></record></collection>